@article{RN9,
   author = {Abadia, Oscar Moro and Gonzalez Morales, Manuel R.},
   title = {Redefining Neanderthals and art: An alternative interpretation of the multiple species model for the origin of behavioural modernity},
   journal = {Oxford Journal of Archaeology},
   volume = {29},
   number = {3},
   pages = {229-243},
   ISSN = {1468-0092},
   DOI = {10.1111/j.1468-0092.2010.00346.x},
   url = {http://dx.doi.org/10.1111/j.1468-0092.2010.00346.x},
   year = {2010},
   type = {Journal Article}
}

@article{RN2,
   author = {Aiello, Leslie C. and Dunbar, R. I. M.},
   title = {Neocortex Size, Group Size, and the Evolution of Language},
   journal = {Current Anthropology},
   volume = {34},
   number = {2},
   pages = {184-193},
   ISSN = {00113204, 15375382},
   url = {http://www.jstor.org/stable/2743982},
   year = {1993},
   type = {Journal Article}
}

@article{RN24,
   author = {Arensburg, B. and Tillier, A. M. and Vandermeersch, B. and Duday, H. and Schepartz, L. A. and Rak, Y.},
   title = {A Middle Palaeolithic human hyoid bone},
   journal = {Nature},
   volume = {338},
   pages = {758},
   DOI = {10.1038/338758a0},
   url = {http://dx.doi.org/10.1038/338758a0},
   year = {1989},
   type = {Journal Article}
}

@article{RN1,
   author = {Banks, William E. and d'Errico, Francesco and Peterson, A. Townsend and Kageyama, Masa and Sima, Adriana and Sánchez-Goñi, Maria-Fernanda},
   title = {Neanderthal Extinction by Competitive Exclusion},
   journal = {PLOS ONE},
   volume = {3},
   number = {12},
   pages = {e3972},
   DOI = {10.1371/journal.pone.0003972},
   url = {https://doi.org/10.1371/journal.pone.0003972},
   year = {2008},
   type = {Journal Article}
}

@article{RN29,
   author = {Belfer-Cohen, Anna and Hovers, Erella},
   title = {In the Eye of the Beholder: Mousterian and Natufian Burials in the Levant},
   journal = {Current Anthropology},
   volume = {33},
   number = {4},
   pages = {463-471},
   ISSN = {00113204, 15375382},
   url = {http://www.jstor.org/stable/2743875},
   year = {1992},
   type = {Journal Article}
}

@article{RN18,
   author = {Burns, Jonathan Kenneth},
   title = {An evolutionary theory of schizophrenia: Cortical connectivity, metarepresentation, and the social brain},
   journal = {Behavioral and Brain Sciences},
   volume = {27},
   number = {6},
   pages = {831-855},
   ISSN = {0140-525X},
   DOI = {10.1017/S0140525X04000196},
   url = {https://www.cambridge.org/core/article/an-evolutionary-theory-of-schizophrenia-cortical-connectivity-metarepresentation-and-the-social-brain/609F0B5BD841D23C0F1967A6C80C16BE},
   year = {2005},
   type = {Journal Article}
}

@inbook{RN15,
   author = {Csikszentmihalyi, Mihaly},
   title = {Society, Culture, and Person: A Systems View of Creativity},
   booktitle = {The Systems Model of Creativity: The Collected Works of Mihaly Csikszentmihalyi},
   publisher = {Springer Netherlands},
   address = {Dordrecht},
   pages = {47-61},
   ISBN = {978-94-017-9085-7},
   DOI = {10.1007/978-94-017-9085-7_4},
   url = {https://doi.org/10.1007/978-94-017-9085-7_4},
   year = {2014},
   type = {Book Section}
}

@article{RN26,
   author = {D'Anastasio, Ruggero and Wroe, Stephen and Tuniz, Claudio and Mancini, Lucia and Cesana, Deneb T. and Dreossi, Diego and Ravichandiran, Mayoorendra and Attard, Marie and Parr, William C. H. and Agur, Anne and Capasso, Luigi},
   title = {Micro-Biomechanics of the Kebara 2 Hyoid and Its Implications for Speech in Neanderthals},
   journal = {PLOS ONE},
   volume = {8},
   number = {12},
   pages = {e82261},
   DOI = {10.1371/journal.pone.0082261},
   url = {https://doi.org/10.1371/journal.pone.0082261},
   year = {2013},
   type = {Journal Article}
}

@article{RN3,
   author = {Davies, Robert and Underdown, Simon},
   title = {The Neanderthals: a Social Synthesis},
   journal = {Cambridge Archaeological Journal},
   volume = {16},
   number = {2},
   pages = {145-164},
   ISSN = {0959-7743},
   DOI = {10.1017/S0959774306000096},
   url = {https://www.cambridge.org/core/article/neanderthals-a-social-synthesis/FFCFF005B775C69F28B83E2FFF75553C},
   year = {2006},
   type = {Journal Article}
}

@inbook{RN30,
   author = {Futuyma, Douglas J.},
   title = {Evolution},
   publisher = {Sinauer Associates},
   address = {Sunderland, Mass.},
   edition = {3rd ed},
   pages = {96-99},
   ISBN = {0878932232},
   url = {http://tulips.ntu.edu.tw:1081/record=b3335821*cht},
   year = {2013},
   type = {Book Section}
}

@article{RN33,
   author = {Gould, Stephen Jay and Eldredge, Niles},
   title = {Punctuated equilibria: the tempo and mode of evolution reconsidered},
   journal = {Paleobiology},
   volume = {3},
   number = {2},
   pages = {115-151},
   ISSN = {0094-8373},
   DOI = {10.1017/S0094837300005224},
   url = {https://www.cambridge.org/core/article/punctuated-equilibria-the-tempo-and-mode-of-evolution-reconsidered/416469B94B074D3F7311C805274679D4},
   year = {1977},
   type = {Journal Article}
}

@article{RN20,
   author = {Higham, Tom and Douka, Katerina and Wood, Rachel and Ramsey, Christopher Bronk and Brock, Fiona and Basell, Laura and Camps, Marta and Arrizabalaga, Alvaro and Baena, Javier and Barroso-Ruíz, Cecillio and Bergman, Christopher and Boitard, Coralie and Boscato, Paolo and Caparrós, Miguel and Conard, Nicholas J. and Draily, Christelle and Froment, Alain and Galván, Bertila and Gambassini, Paolo and Garcia-Moreno, Alejandro and Grimaldi, Stefano and Haesaerts, Paul and Holt, Brigitte and Iriarte-Chiapusso, Maria-Jose and Jelinek, Arthur and Jordá Pardo, Jesús F. and Maíllo-Fernández, José-Manuel and Marom, Anat and Maroto, Julià and Menéndez, Mario and Metz, Laure and Morin, Eugène and Moroni, Adriana and Negrino, Fabio and Panagopoulou, Eleni and Peresani, Marco and Pirson, Stéphane and de la Rasilla, Marco and Riel-Salvatore, Julien and Ronchitelli, Annamaria and Santamaria, David and Semal, Patrick and Slimak, Ludovic and Soler, Joaquim and Soler, Narcís and Villaluenga, Aritza and Pinhasi, Ron and Jacobi, Roger},
   title = {The timing and spatiotemporal patterning of Neanderthal disappearance},
   journal = {Nature},
   volume = {512},
   pages = {306},
   DOI = {10.1038/nature13621
https://www.nature.com/articles/nature13621#supplementary-information},
   url = {http://dx.doi.org/10.1038/nature13621},
   year = {2014},
   type = {Journal Article}
}

@article{RN28,
   author = {Higham, Thomas and Jacobi, Roger and Julien, Michèle and David, Francine and Basell, Laura and Wood, Rachel and Davies, William and Ramsey, Christopher Bronk},
   title = {Chronology of the Grotte du Renne (France) and implications for the context of ornaments and human remains within the Châtelperronian},
   journal = {Proceedings of the National Academy of Sciences},
   volume = {107},
   number = {47},
   pages = {20234-20239},
   DOI = {10.1073/pnas.1007963107},
   url = {http://www.pnas.org/content/107/47/20234.abstract},
   year = {2010},
   type = {Journal Article}
}

@article{RN12,
   author = {Jacobs, Zenobia and Roberts, Richard G. and Galbraith, Rex F. and Deacon, Hilary J. and Grün, Rainer and Mackay, Alex and Mitchell, Peter and Vogelsang, Ralf and Wadley, Lyn},
   title = {Ages for the Middle Stone Age of Southern Africa: Implications for Human Behavior and Dispersal},
   journal = {Science},
   volume = {322},
   number = {5902},
   pages = {733-735},
   DOI = {10.1126/science.1162219},
   url = {http://science.sciencemag.org/content/sci/322/5902/733.full.pdf},
   year = {2008},
   type = {Journal Article}
}

@article{RN21,
   author = {Jiménez-Espejo, Francisco J. and Martínez-Ruiz, Francisca and Finlayson, Clive and Paytan, Adina and Sakamoto, Tatsuhiko and Ortega-Huertas, Miguel and Finlayson, Geraldine and Iijima, Koichi and Gallego-Torres, David and Fa, Darren},
   title = {Climate forcing and Neanderthal extinction in Southern Iberia: insights from a multiproxy marine record},
   journal = {Quaternary Science Reviews},
   volume = {26},
   number = {7},
   pages = {836-852},
   ISSN = {0277-3791},
   DOI = {https://doi.org/10.1016/j.quascirev.2006.12.013},
   url = {http://www.sciencedirect.com/science/article/pii/S0277379106003532},
   year = {2007},
   type = {Journal Article}
}

@article{RN4,
   author = {Junker, Thomas},
   title = {Art as a biological adaptation, or: Why modern humans replaced the Neanderthals},
   journal = {Quartär},
   volume = {57},
   pages = {171-178},
   year = {2010},
   type = {Journal Article}
}

@article{RN5,
   author = {Klein, Richard G.},
   title = {Anatomy, behavior, and modern human origins},
   journal = {Journal of World Prehistory},
   volume = {9},
   number = {2},
   pages = {167-198},
   ISSN = {1573-7802},
   DOI = {10.1007/bf02221838},
   url = {https://doi.org/10.1007/BF02221838},
   year = {1995},
   type = {Journal Article}
}

@article{RN22,
   author = {Klein, Richard G.},
   title = {Archeology and the evolution of human behavior},
   journal = {Evolutionary Anthropology: Issues, News, and Reviews},
   volume = {9},
   number = {1},
   pages = {17-36},
   ISSN = {1520-6505},
   DOI = {10.1002/(SICI)1520-6505(2000)9:1<17::AID-EVAN3>3.0.CO;2-A},
   url = {http://dx.doi.org/10.1002/(SICI)1520-6505(2000)9:1<17::AID-EVAN3>3.0.CO;2-A},
   year = {2000},
   type = {Journal Article}
}

@article{RN19,
   author = {Klein, Richard G.},
   title = {Out of Africa and the evolution of human behavior},
   journal = {Evolutionary Anthropology: Issues, News, and Reviews},
   volume = {17},
   number = {6},
   pages = {267-281},
   ISSN = {1520-6505},
   DOI = {10.1002/evan.20181},
   url = {http:https://doi.org/10.1002/evan.20181},
   year = {2008},
   type = {Journal Article}
}

@article{RN14,
   author = {Kolodny, Oren and Creanza, Nicole and Feldman, Marcus W.},
   title = {Evolution in leaps: The punctuated accumulation and loss of cultural innovations},
   journal = {Proceedings of the National Academy of Sciences},
   volume = {112},
   number = {49},
   pages = {E6762-E6769},
   DOI = {10.1073/pnas.1520492112},
   url = {http://www.pnas.org/content/112/49/E6762.abstract},
   year = {2015},
   type = {Journal Article}
}

@article{RN7,
   author = {Kolodny, Oren and Feldman, Marcus W.},
   title = {A parsimonious neutral model suggests Neanderthal replacement was determined by migration and random species drift},
   journal = {Nature Communications},
   volume = {8},
   number = {1},
   pages = {1040},
   ISSN = {2041-1723},
   DOI = {10.1038/s41467-017-01043-z},
   url = {https://doi.org/10.1038/s41467-017-01043-z},
   year = {2017},
   type = {Journal Article}
}

@article{RN25,
   author = {Krause, Johannes and Lalueza-Fox, Carles and Orlando, Ludovic and Enard, Wolfgang and Green, Richard E. and Burbano, Hernán A. and Hublin, Jean-Jacques and Hänni, Catherine and Fortea, Javier and de la Rasilla, Marco and Bertranpetit, Jaume and Rosas, Antonio and Pääbo, Svante},
   title = {The Derived FOXP2 Variant of Modern Humans Was Shared with Neandertals},
   journal = {Current Biology},
   volume = {17},
   number = {21},
   pages = {1908-1912},
   ISSN = {0960-9822},
   DOI = {https://doi.org/10.1016/j.cub.2007.10.008},
   url = {http://www.sciencedirect.com/science/article/pii/S0960982207020659},
   year = {2007},
   type = {Journal Article}
}

@article{RN8,
   author = {Langley, Michelle C. and Clarkson, Christopher and Ulm, Sean},
   title = {Behavioural Complexity in Eurasian Neanderthal Populations: a Chronological Examination of the Archaeological Evidence},
   journal = {Cambridge Archaeological Journal},
   volume = {18},
   number = {3},
   pages = {289-307},
   ISSN = {0959-7743},
   DOI = {10.1017/S0959774308000371},
   url = {https://www.cambridge.org/core/article/behavioural-complexity-in-eurasian-neanderthal-populations-a-chronological-examination-of-the-archaeological-evidence/D14063E71EA9962AD574A2AEE0B2F048},
   year = {2008},
   type = {Journal Article}
}

@article{RN34,
   author = {Levinthal, Daniel A.},
   title = {The Slow Pace of Rapid Technological Change: Gradualism and Punctuation in Technological Change},
   journal = {Industrial and Corporate Change},
   volume = {7},
   number = {2},
   pages = {217-247},
   ISSN = {0960-6491},
   DOI = {10.1093/icc/7.2.217},
   url = {http://dx.doi.org/10.1093/icc/7.2.217},
   year = {1998},
   type = {Journal Article}
}

@article{RN35,
   author = {Loch, Christoph H. and Huberman, Bernardo A.},
   title = {A Punctuated-Equilibrium Model of Technology Diffusion},
   journal = {Management Science},
   volume = {45},
   number = {2},
   pages = {160-177},
   DOI = {10.1287/mnsc.45.2.160},
   url = {https://pubsonline.informs.org/doi/abs/10.1287/mnsc.45.2.160},
   year = {1999},
   type = {Journal Article}
}

@article{RN6,
   author = {Mellars, Paul},
   title = {Why did modern human populations disperse from Africa ca. 60,000 years ago? A new model},
   journal = {Proceedings of the National Academy of Sciences},
   volume = {103},
   number = {25},
   pages = {9381-9386},
   DOI = {10.1073/pnas.0510792103},
   url = {http://www.pnas.org/content/103/25/9381.abstract},
   year = {2006},
   type = {Journal Article}
}

@inbook{RN10,
   author = {Nowell, April},
   title = {Childhood, Play and the Evolution of Cultural Capacity in Neanderthals and Modern Humans},
   booktitle = {The Nature of Culture: Based on an Interdisciplinary Symposium ‘The Nature of Culture’, Tübingen, Germany},
   editor = {Haidle, Miriam N. and Conard, Nicholas J. and Bolus, Michael},
   publisher = {Springer Netherlands},
   address = {Dordrecht},
   pages = {87-97},
   ISBN = {978-94-017-7426-0},
   DOI = {10.1007/978-94-017-7426-0_9},
   url = {https://doi.org/10.1007/978-94-017-7426-0_9},
   year = {2016},
   type = {Book Section}
}

@article{RN16,
   author = {Prüfer, Kay and Racimo, Fernando and Patterson, Nick and Jay, Flora and Sankararaman, Sriram and Sawyer, Susanna and Heinze, Anja and Renaud, Gabriel and Sudmant, Peter H. and de Filippo, Cesare and Li, Heng and Mallick, Swapan and Dannemann, Michael and Fu, Qiaomei and Kircher, Martin and Kuhlwilm, Martin and Lachmann, Michael and Meyer, Matthias and Ongyerth, Matthias and Siebauer, Michael and Theunert, Christoph and Tandon, Arti and Moorjani, Priya and Pickrell, Joseph and Mullikin, James C. and Vohr, Samuel H. and Green, Richard E. and Hellmann, Ines and Johnson, Philip L. F. and Blanche, Hélène and Cann, Howard and Kitzman, Jacob O. and Shendure, Jay and Eichler, Evan E. and Lein, Ed S. and Bakken, Trygve E. and Golovanova, Liubov V. and Doronichev, Vladimir B. and Shunkov, Michael V. and Derevianko, Anatoli P. and Viola, Bence and Slatkin, Montgomery and Reich, David and Kelso, Janet and Pääbo, Svante},
   title = {The complete genome sequence of a Neanderthal from the Altai Mountains},
   journal = {Nature},
   volume = {505},
   pages = {43},
   DOI = {10.1038/nature12886
https://www.nature.com/articles/nature12886#supplementary-information},
   url = {http://dx.doi.org/10.1038/nature12886},
   year = {2013},
   type = {Journal Article}
}

@article{RN23,
   author = {Prüfer, Kay and Racimo, Fernando and Patterson, Nick and Jay, Flora and Sankararaman, Sriram and Sawyer, Susanna and Heinze, Anja and Renaud, Gabriel and Sudmant, Peter H. and de Filippo, Cesare and Li, Heng and Mallick, Swapan and Dannemann, Michael and Fu, Qiaomei and Kircher, Martin and Kuhlwilm, Martin and Lachmann, Michael and Meyer, Matthias and Ongyerth, Matthias and Siebauer, Michael and Theunert, Christoph and Tandon, Arti and Moorjani, Priya and Pickrell, Joseph and Mullikin, James C. and Vohr, Samuel H. and Green, Richard E. and Hellmann, Ines and Johnson, Philip L. F. and Blanche, Hélène and Cann, Howard and Kitzman, Jacob O. and Shendure, Jay and Eichler, Evan E. and Lein, Ed S. and Bakken, Trygve E. and Golovanova, Liubov V. and Doronichev, Vladimir B. and Shunkov, Michael V. and Derevianko, Anatoli P. and Viola, Bence and Slatkin, Montgomery and Reich, David and Kelso, Janet and Pääbo, Svante},
   title = {The complete genome sequence of a Neanderthal from the Altai Mountains},
   journal = {Nature},
   volume = {505},
   pages = {43},
   DOI = {10.1038/nature12886
https://www.nature.com/articles/nature12886#supplementary-information},
   url = {http://dx.doi.org/10.1038/nature12886},
   year = {2013},
   type = {Journal Article}
}

@article{RN13,
   author = {Roebroeks, Wil and Soressi, Marie},
   title = {Neandertals revised},
   journal = {Proceedings of the National Academy of Sciences},
   volume = {113},
   number = {23},
   pages = {6372-6379},
   DOI = {10.1073/pnas.1521269113},
   url = {http://www.pnas.org/content/113/23/6372.abstract},
   year = {2016},
   type = {Journal Article}
}

@article{RN17,
   author = {Sankararaman, Sriram and Mallick, Swapan and Dannemann, Michael and Prüfer, Kay and Kelso, Janet and Pääbo, Svante and Patterson, Nick and Reich, David},
   title = {The genomic landscape of Neanderthal ancestry in present-day humans},
   journal = {Nature},
   volume = {507},
   pages = {354},
   DOI = {10.1038/nature12961
https://www.nature.com/articles/nature12961#supplementary-information},
   url = {http://dx.doi.org/10.1038/nature12961},
   year = {2014},
   type = {Journal Article}
}

